% This file was created with JabRef 2.7b.
% Encoding: Cp1252

@ARTICLE{akerlof_market_1970,
  author = {Akerlof, George A.},
  title = {The market for" lemons": Quality uncertainty and the market mechanism},
  journal = {The quarterly journal of economics},
  year = {1970},
  pages = {488â€“500},
  file = {Akerlof_1970.pdf:C:\Users\Yamaguchi\AppData\Roaming\Zotero\Zotero\Profiles\w8gpjfp2.default\zotero\storage\RGZ5ZHT6\Akerlof_1970.pdf:application/pdf},
  shorttitle = {The market for" lemons"},
  url = {http://www.jstor.org/stable/10.2307/1879431},
  urldate = {2013-12-04}
}

@ARTICLE{becker_crime_1968,
  author = {Becker, Gary S.},
  title = {Crime and Punishment: An Economic Approach},
  journal = {The Journal of Political Economy},
  year = {1968},
  volume = {76},
  pages = {169â€“217},
  number = {2},
  annote = {Teste notas!! ekiekitapaaaang},
  file = {[PDF] from uoregon.edu:C:\Users\Yamaguchi\AppData\Roaming\Zotero\Zotero\Profiles\w8gpjfp2.default\zotero\storage\975V2W6G\Becker - 1968 - Crime and Punishment An Economic Approach.pdf:application/pdf},
  shorttitle = {Crime and Punishment},
  url = {http://pages.uoregon.edu/cjellis/441/Becker4.pdf},
  urldate = {2013-12-05}
}

@ARTICLE{campos_tres_2012,
  author = {Campos, Francisco de Assis Oliveira},
  title = {TrÃªs ensaios sobre a economia da corrup{\textbackslash}ccÃ£o},
  year = {2012},
  file = {[PDF] de ufc.br:C:\Users\Yamaguchi\AppData\Roaming\Zotero\Zotero\Profiles\w8gpjfp2.default\zotero\storage\VN7P9Q8E\Campos - 2012 - TrÃªs ensaios sobre a economia da corrupccÃ£o.pdf:application/pdf;Snapshot:C:\Users\Yamaguchi\AppData\Roaming\Zotero\Zotero\Profiles\w8gpjfp2.default\zotero\storage\RX6777II\Campos - 2012 - TrÃªs ensaios sobre a economia da corrupccÃ£o.html:text/html},
  url = {http://www.repositorio.ufc.br:8080/ri/handle/123456789/4948},
  urldate = {2013-12-04}
}

@INCOLLECTION{ehrlich_participation_1974,
  author = {Ehrlich, Isaac},
  title = {Participation in illegitimate activities: An economic analysis},
  booktitle = {Essays in the Economics of Crime and Punishment},
  publisher = {{UMI}},
  year = {1974},
  pages = {68â€“134},
  file = {[PDF] from nber.org:C:\Users\Yamaguchi\AppData\Roaming\Zotero\Zotero\Profiles\w8gpjfp2.default\zotero\storage\7QIZDK9C\Ehrlich - 1974 - Participation in illegitimate activities An econo.pdf:application/pdf},
  shorttitle = {Participation in illegitimate activities},
  url = {http://www.nber.org/chapters/c3627.pdf},
  urldate = {2013-12-05}
}

@ARTICLE{kaufmann_governance_2004,
  author = {Kaufmann, Daniel and Kraay, Aart and Mastruzzi, Massimo},
  title = {Governance Matters {III:} Governance Indicators for 1996, 1998, 2000,
	and 2002},
  journal = {The World Bank Economic Review},
  year = {2004},
  volume = {18},
  pages = {253--287},
  number = {2},
  month = jan,
  abstract = {Six dimensions of governance are estimated covering 199 countries
	and territories for four periods: 1996, 1998, 2000, and 2002. The
	indicators are based on several hundred individual variables measuring
	perceptions of governance drawn from 25 data sources constructed
	by 18 organizations. These individual measures are assigned to categories
	capturing key dimensions of governance. An unobserved-components
	model is used to construct six aggregate governance indicators in
	each of the four periods. Point estimates of the dimensions of governance
	are provided as well as the margins of errors for each country for
	the four periods. Methodological issues are also addressed, including
	tests for potential biases, and the interpretation and use of the
	data, given the estimated margins of errors for the indicators. The
	data and a Web-based graphical interface are available online at
	www.worldbank.org/wbi/governance/govdata2002/index.html.},
  doi = {10.1093/wber/lhh041},
  file = {Full Text PDF:C:\Users\Yamaguchi\AppData\Roaming\Zotero\Zotero\Profiles\w8gpjfp2.default\zotero\storage\C79C4PRH\Kaufmann et al. - 2004 - Governance Matters III Governance Indicators for .pdf:application/pdf;Snapshot:C:\Users\Yamaguchi\AppData\Roaming\Zotero\Zotero\Profiles\w8gpjfp2.default\zotero\storage\3RDCCWUZ\253.html:text/html},
  issn = {0258-6770, 1564-{698X}},
  language = {en},
  shorttitle = {Governance Matters {III}},
  url = {http://wber.oxfordjournals.org/content/18/2/253},
  urldate = {2013-12-05}
}

@BOOK{klitgaard1994corrupccao,
  title = {A corrup{\c{c}}{\~a}o sob controle, tradu{\c{c}}{\~a}o de Ot{\'a}vio
	Alves Velho},
  year = {1994},
  author = {KLITGAARD, Robert E},
  pages = {9--10},
  journal = {Rio de Janeiro, Editora Jorge Zahar},
  owner = {Yamaguchi},
  timestamp = {2013.12.12}
}

@BOOK{mas-collel_microeconomic_1995,
  title = {Microeconomic theory},
  publisher = {Oxford university press Oxford},
  year = {1995},
  author = {Mas-Collel, Andreu and Whinston, Michael D. and Green, Jerry},
  file = {Snapshot:C:\Users\Yamaguchi\AppData\Roaming\Zotero\Zotero\Profiles\w8gpjfp2.default\zotero\storage\ARVQQT4F\Mas-Collel et al. - 1995 - Microeconomic theory.html:text/html},
  url = {http://www.lavoisier.fr/livre/notice.asp?ouvrage=1143367},
  urldate = {2013-12-08}
}

@CONFERENCE{neto2006,
  author = {Mário Teixeira Reis Neto},
  title = {A remuneração variável na percepção dos empregados e suas consequências
	na motivação e no desempenho},
  booktitle = {30º encontro da ANPAD},
  year = {2006},
  owner = {ruas},
  timestamp = {2014.03.15},
  url = {http://www.anpad.org.br/enanpad/2006/dwn/enanpad2006-gprb-2500.pdf}
}

@ARTICLE{rose-ackerman_economics_1975,
  author = {Rose-Ackerman, Susan},
  title = {The economics of corruption},
  journal = {Journal of Public Economics},
  year = {1975},
  volume = {4},
  pages = {187--203},
  number = {2},
  month = feb,
  abstract = {This paper considers the relationship between market structure and
	the incidence of corrupt dealings in the government contracting process.
	Three cases are analyzed. We first deal with a situation in which
	government preferences are well-defined and many firms compete for
	the contract; we then contrast this case with one in which government
	preferences are â€˜vagueâ€™ and finally eliminate the competitive
	assumption to consider the case of bilateral monopoly. It is then
	possible to consider the extent to which various criminal sanctions
	will deter corruption and the degree to which criminal incentives
	can be reduced by revising contracting procedures and reorganizing
	market structures.},
  doi = {10.1016/0047-2727(75)90017-1},
  file = {ScienceDirect Full Text PDF:C:\Users\Yamaguchi\AppData\Roaming\Zotero\Zotero\Profiles\w8gpjfp2.default\zotero\storage\X4ZRDFJJ\Rose-Ackerman - 1975 - The economics of corruption.pdf:application/pdf;ScienceDirect Snapshot:C:\Users\Yamaguchi\AppData\Roaming\Zotero\Zotero\Profiles\w8gpjfp2.default\zotero\storage\Z6ZSTB5G\0047272775900171.html:text/html},
  issn = {0047-2727},
  url = {http://www.sciencedirect.com/science/article/pii/0047272775900171},
  urldate = {2013-12-04}
}

@ARTICLE{sampaio_modelo_2007,
  author = {Sampaio, Luciano Menezes Bezerra},
  title = {Modelo Principal-Agente para contratos entre pequenos produtores
	e empresa exportadora de manga no Rio Grande do Norte},
  journal = {Revista de Economia e Sociologia Rural},
  year = {2007},
  volume = {45},
  pages = {879 -- 898},
  issn = {0103-2003},
  language = {pt}
}

@ARTICLE{spence_job_1973,
  author = {Spence, Michael},
  title = {Job market signaling},
  journal = {The quarterly journal of Economics},
  year = {1973},
  volume = {87},
  pages = {355â€“374},
  number = {3},
  file = {Snapshot:C:\Users\Yamaguchi\AppData\Roaming\Zotero\Zotero\Profiles\w8gpjfp2.default\zotero\storage\M3DF5H39\355.html:text/html},
  url = {http://qje.oxfordjournals.org/content/87/3/355.short},
  urldate = {2013-12-04}
}

@ARTICLE{svensson_eight_2005,
  author = {Svensson, Jakob},
  title = {Eight Questions about Corruption},
  journal = {The Journal of Economic Perspectives},
  year = {2005},
  volume = {19},
  pages = {19--42},
  number = {3},
  month = jul,
  note = {{ArticleType:} research-article / Full publication date: Summer,
	2005 / Copyright Â© 2005 American Economic Association},
  copyright = {Copyright Â© 2005 American Economic Association},
  file = {JSTOR Full Text PDF:C:\Users\Yamaguchi\AppData\Roaming\Zotero\Zotero\Profiles\w8gpjfp2.default\zotero\storage\TQFTSRA9\Svensson - 2005 - Eight Questions about Corruption.pdf:application/pdf},
  issn = {0895-3309},
  url = {http://www.jstor.org/stable/4134971},
  urldate = {2013-12-05}
}

@ARTICLE{Tanzi1998,
  author = {Tanzi, Vito},
  title = {Corruption Around the World: Causes, Consequences, Scope, and Cures},
  journal = {Staff Papers - International Monetary Fund},
  year = {1998},
  volume = {45},
  pages = {559},
  number = {4},
  month = dec,
  __markedentry = {[Yamaguchi:6]},
  doi = {10.2307/3867585},
  file = {Untitled Attachment:C:\Users\Yamaguchi\AppData\Roaming\Zotero\Zotero\Profiles\w8gpjfp2.default\zotero\storage\VQ242I8D\Tanzi - 1998 - Corruption Around the World Causes, Consequences,.html:text/html},
  issn = {00208027},
  owner = {Yamaguchi},
  shorttitle = {Corruption Around the World},
  timestamp = {2013.12.12},
  urldate = {2013-12-12}
}

@ARTICLE{wilson_nature_1980,
  author = {Wilson, Charles},
  title = {The Nature of Equilibrium in Markets with Adverse Selection},
  journal = {The Bell Journal of Economics},
  year = {1980},
  volume = {11},
  pages = {108},
  number = {1},
  doi = {10.2307/3003403},
  file = {Untitled Attachment:C:\Users\Yamaguchi\AppData\Roaming\Zotero\Zotero\Profiles\w8gpjfp2.default\zotero\storage\HQMUIVVE\Wilson - 1980 - The Nature of Equilibrium in Markets with Adverse .html:text/html},
  issn = {{0361915X}},
  url = {http://www.jstor.org/discover/10.2307/3003403?uid=37618&uid=3737664&uid=5909624&uid=2&uid=37617&uid=3&uid=67&uid=62&sid=21103059187641},
  urldate = {2013-12-04}
}

@ARTICLE{_ubiquitous_2013,
  title = {Ubiquitous cameras: The peopleâ€™s panopticon},
  journal = {The Economist},
  year = {2013},
  month = nov,
  url = {http://www.economist.com/news/briefing/21589863-it-getting-ever-easier-record-anything-or-everything-you-see-opens},
  urldate = {2013-05-12}
}

